%% This BibTeX bibliography file was created using BibDesk.
%% http://bibdesk.sourceforge.net/


%% Created for Wolfgang Kerzendorf at 2013-02-28 17:42:36 -0500 


%% Saved with string encoding Unicode (UTF-8) 



@article{2011ApJ...741...96W,
	Adsnote = {Provided by the SAO/NASA Astrophysics Data System},
	Adsurl = {http://adsabs.harvard.edu/abs/2011ApJ...741...96W},
	Archiveprefix = {arXiv},
	Author = {{Williams}, B.~J. and {Blair}, W.~P. and {Blondin}, J.~M. and {Borkowski}, K.~J. and {Ghavamian}, P. and {Long}, K.~S. and {Raymond}, J.~C. and {Reynolds}, S.~P. and {Rho}, J. and {Winkler}, P.~F.},
	Date-Added = {2013-02-28 22:42:35 +0000},
	Date-Modified = {2013-02-28 22:42:35 +0000},
	Doi = {10.1088/0004-637X/741/2/96},
	Eid = {96},
	Eprint = {1108.1207},
	Journal = {\apj},
	Keywords = {cosmic rays, dust, extinction, ISM: supernova remnants},
	Month = nov,
	Pages = {96},
	Primaryclass = {astro-ph.GA},
	Title = {{RCW 86: A Type Ia Supernova in a Wind-blown Bubble}},
	Volume = 741,
	Year = 2011,
	Bdsk-Url-1 = {http://dx.doi.org/10.1088/0004-637X/741/2/96}}

@article{2005ApJ...634..376W,
	Adsnote = {Provided by the SAO/NASA Astrophysics Data System},
	Adsurl = {http://adsabs.harvard.edu/abs/2005ApJ...634..376W},
	Author = {{Warren}, J.~S. and {Hughes}, J.~P. and {Badenes}, C. and {Ghavamian}, P. and {McKee}, C.~F. and {Moffett}, D. and {Plucinsky}, P.~P. and {Rakowski}, C. and {Reynoso}, E. and {Slane}, P.},
	Date-Added = {2013-02-28 05:09:39 +0000},
	Date-Modified = {2013-02-28 05:09:39 +0000},
	Doi = {10.1086/496941},
	Eprint = {arXiv:astro-ph/0507478},
	Journal = {\apj},
	Keywords = {ISM: individual (Tycho), Stars: Supernovae: General, ISM: Supernova Remnants, X-Rays: ISM},
	Month = nov,
	Pages = {376-389},
	Title = {{Cosmic-Ray Acceleration at the Forward Shock in Tycho's Supernova Remnant: Evidence from Chandra X-Ray Observations}},
	Volume = 634,
	Year = 2005,
	Bdsk-Url-1 = {http://dx.doi.org/10.1086/496941}}

@article{2012arXiv1203.2916F,
	Adsnote = {Provided by the SAO/NASA Astrophysics Data System},
	Adsurl = {http://adsabs.harvard.edu/abs/2012arXiv1203.2916F},
	Archiveprefix = {arXiv},
	Author = {{Foley}, R.~J. and {Simon}, J.~D. and {Burns}, C.~R. and {Gal-Yam}, A. and {Hamuy}, M. and {Kirshner}, R.~P. and {Morrell}, N.~I. and {Phillips}, M.~M. and {Shields}, G.~A. and {Sternberg}, A.},
	Date-Added = {2013-02-26 01:41:15 +0000},
	Date-Modified = {2013-02-26 01:41:15 +0000},
	Eprint = {1203.2916},
	Journal = {ArXiv e-prints},
	Keywords = {Astrophysics - Solar and Stellar Astrophysics, Astrophysics - Cosmology and Extragalactic Astrophysics},
	Month = mar,
	Primaryclass = {astro-ph.SR},
	Title = {{Linking Type Ia Supernova Progenitors and their Resulting Explosions}},
	Year = 2012}

@article{2007Sci...317..924P,
	Adsnote = {Provided by the SAO/NASA Astrophysics Data System},
	Adsurl = {http://adsabs.harvard.edu/abs/2007Sci...317..924P},
	Author = {{Patat}, F. and {Chandra}, P. and {Chevalier}, R. and {Justham}, S. and {Podsiadlowski}, P. and {Wolf}, C. and {Gal-Yam}, A. and {Pasquini}, L. and {Crawford}, I.~A. and {Mazzali}, P.~A. and {Pauldrach}, A.~W.~A. and {Nomoto}, K. and {Benetti}, S. and {Cappellaro}, E. and {Elias-Rosa}, N. and {Hillebrandt}, W. and {Leonard}, D.~C. and {Pastorello}, A. and {Renzini}, A. and {Sabbadin}, F. and {Simon}, J.~D. and {Turatto}, M.},
	Date-Added = {2013-02-26 01:40:41 +0000},
	Date-Modified = {2013-02-26 01:40:41 +0000},
	Doi = {10.1126/science.1143005},
	Journal = {Science},
	Month = aug,
	Pages = {924},
	Title = {{Detection of Circumstellar Material in a Normal Type Ia Supernova}},
	Volume = 317,
	Year = 2007,
	Bdsk-Url-1 = {http://dx.doi.org/10.1126/science.1143005}}

@article{2011Sci...333..856S,
	Adsnote = {Provided by the SAO/NASA Astrophysics Data System},
	Adsurl = {http://adsabs.harvard.edu/abs/2011Sci...333..856S},
	Archiveprefix = {arXiv},
	Author = {{Sternberg}, A. and {Gal-Yam}, A. and {Simon}, J.~D. and {Leonard}, D.~C. and {Quimby}, R.~M. and {Phillips}, M.~M. and {Morrell}, N. and {Thompson}, I.~B. and {Ivans}, I. and {Marshall}, J.~L. and {Filippenko}, A.~V. and {Marcy}, G.~W. and {Bloom}, J.~S. and {Patat}, F. and {Foley}, R.~J. and {Yong}, D. and {Penprase}, B.~E. and {Beeler}, D.~J. and {Allende Prieto}, C. and {Stringfellow}, G.~S.},
	Date-Added = {2013-02-26 01:40:12 +0000},
	Date-Modified = {2013-02-26 01:40:12 +0000},
	Doi = {10.1126/science.1203836},
	Eprint = {1108.3664},
	Journal = {Science},
	Month = aug,
	Pages = {856-},
	Primaryclass = {astro-ph.HE},
	Title = {{Circumstellar Material in Type Ia Supernovae via Sodium Absorption Features}},
	Volume = 333,
	Year = 2011,
	Bdsk-Url-1 = {http://dx.doi.org/10.1126/science.1203836}}

@article{2012arXiv1210.2713K,
	Adsnote = {Provided by the SAO/NASA Astrophysics Data System},
	Adsurl = {http://adsabs.harvard.edu/abs/2012arXiv1210.2713K},
	Archiveprefix = {arXiv},
	Author = {{Kerzendorf}, W.~E. and {Yong}, D. and {Schmidt}, B.~P. and {Simon}, J.~D. and {Jeffery}, C.~S. and {Anderson}, J. and {Podsiadlowski}, P. and {Gal-Yam}, A. and {Silverman}, J.~M. and {Filippenko}, A.~V. and {Nomoto}, K. and {Murphy}, S.~J. and {Bessell}, M.~S. and {Venn}, K.~A. and {Foley}, R.~J.},
	Date-Added = {2013-02-25 21:02:56 +0000},
	Date-Modified = {2013-02-25 21:02:56 +0000},
	Eprint = {1210.2713},
	Journal = {ArXiv e-prints},
	Keywords = {Astrophysics - Solar and Stellar Astrophysics},
	Month = oct,
	Primaryclass = {astro-ph.SR},
	Title = {{A High-Resolution Spectroscopic Search for the Remaining Donor for Tycho's Supernova}},
	Year = 2012}

@article{2012arXiv1212.2662T,
	Adsnote = {Provided by the SAO/NASA Astrophysics Data System},
	Adsurl = {http://adsabs.harvard.edu/abs/2012arXiv1212.2662T},
	Archiveprefix = {arXiv},
	Author = {{Thompson}, T.~A.},
	Date-Added = {2013-02-23 00:37:00 +0000},
	Date-Modified = {2013-02-23 00:37:00 +0000},
	Eprint = {1212.2662},
	Journal = {ArXiv e-prints},
	Keywords = {Astrophysics - Galaxy Astrophysics, Astrophysics - Earth and Planetary Astrophysics, Astrophysics - Solar and Stellar Astrophysics},
	Month = dec,
	Primaryclass = {astro-ph.GA},
	Title = {{Gas Giants in Hot Water: Inhibiting Giant Planet Formation and Planet Habitability in Dense Star Clusters Through Cosmic Time}},
	Year = 2012}

@article{2012ApJ...759....7K,
	Adsnote = {Provided by the SAO/NASA Astrophysics Data System},
	Adsurl = {http://adsabs.harvard.edu/abs/2012ApJ...759....7K},
	Archiveprefix = {arXiv},
	Author = {{Kerzendorf}, W.~E. and {Schmidt}, B.~P. and {Laird}, J.~B. and {Podsiadlowski}, P. and {Bessell}, M.~S.},
	Date-Added = {2013-02-23 00:32:17 +0000},
	Date-Modified = {2013-02-23 00:32:17 +0000},
	Doi = {10.1088/0004-637X/759/1/7},
	Eid = {7},
	Eprint = {1207.4481},
	Journal = {\apj},
	Keywords = {binaries: symbiotic, stars: abundances, supernovae: individual: SN 1006},
	Month = nov,
	Pages = {7},
	Primaryclass = {astro-ph.SR},
	Title = {{Hunting for the Progenitor of SN 1006: High-resolution Spectroscopic Search with the FLAMES Instrument}},
	Volume = 759,
	Year = 2012,
	Bdsk-Url-1 = {http://dx.doi.org/10.1088/0004-637X/759/1/7}}

@article{2012Natur.489..533G,
	Adsnote = {Provided by the SAO/NASA Astrophysics Data System},
	Adsurl = {http://adsabs.harvard.edu/abs/2012Natur.489..533G},
	Author = {{Gonz{\'a}lez Hern{\'a}ndez}, J.~I. and {Ruiz-Lapuente}, P. and {Tabernero}, H.~M. and {Montes}, D. and {Canal}, R. and {M{\'e}ndez}, J. and {Bedin}, L.~R.},
	Date-Added = {2013-02-23 00:30:51 +0000},
	Date-Modified = {2013-02-23 00:30:51 +0000},
	Doi = {10.1038/nature11447},
	Journal = {\nat},
	Month = sep,
	Pages = {533-536},
	Title = {{No surviving evolved companions of the progenitor of SN1006}},
	Volume = 489,
	Year = 2012,
	Bdsk-Url-1 = {http://dx.doi.org/10.1038/nature11447}}

@article{2004Natur.431.1069R,
	Adsnote = {Provided by the Smithsonian/NASA Astrophysics Data System},
	Adsurl = {http://adsabs.harvard.edu/cgi-bin/nph-bib_query?bibcode=2004Natur.431.1069R&db_key=AST},
	Author = {{Ruiz-Lapuente}, P. and {Comeron}, F. and {M{\'e}ndez}, J. and {Canal}, R. and {Smartt}, S.~J. and {Filippenko}, A.~V. and {Kurucz}, R.~L. and {Chornock}, R. and {Foley}, R.~J. and {Stanishev}, V. and {Ibata}, R.},
	Date-Added = {2012-02-24 19:59:37 +0000},
	Date-Modified = {2012-02-24 19:59:37 +0000},
	Doi = {10.1038/nature03006},
	Journal = {\nat},
	Month = oct,
	Pages = {1069-1072},
	Title = {{The binary progenitor of Tycho Brahe's 1572 supernova}},
	Volume = {431},
	Year = {2004},
	Bdsk-Url-1 = {http://dx.doi.org/10.1038/nature03006}}

@article{2006ApJ...645.1373B,
	Adsnote = {Provided by the SAO/NASA Astrophysics Data System},
	Adsurl = {http://adsabs.harvard.edu/abs/2006ApJ...645.1373B},
	Author = {{Badenes}, C. and {Borkowski}, K.~J. and {Hughes}, J.~P. and {Hwang}, U. and {Bravo}, E.},
	Date-Added = {2012-02-24 19:58:16 +0000},
	Date-Modified = {2012-02-24 19:58:16 +0000},
	Doi = {10.1086/504399},
	Eprint = {arXiv:astro-ph/0511140},
	Journal = {\apj},
	Keywords = {Hydrodynamics, ISM: individual (SN 1572), Nuclear Reactions, Nucleosynthesis, Abundances, ISM: Supernova Remnants, Stars: Supernovae: General, X-Rays: ISM},
	Month = jul,
	Pages = {1373-1391},
	Title = {{Constraints on the Physics of Type Ia Supernovae from the X-Ray Spectrum of the Tycho Supernova Remnant}},
	Volume = 645,
	Year = 2006,
	Bdsk-Url-1 = {http://dx.doi.org/10.1086/504399}}

@article{2008ApJ...681L..81R,
	Adsnote = {Provided by the SAO/NASA Astrophysics Data System},
	Adsurl = {http://adsabs.harvard.edu/abs/2008ApJ...681L..81R},
	Archiveprefix = {arXiv},
	Author = {{Rest}, A. and {Welch}, D.~L. and {Suntzeff}, N.~B. and {Oaster}, L. and {Lanning}, H. and {Olsen}, K. and {Smith}, R.~C. and {Becker}, A.~C. and {Bergmann}, M. and {Challis}, P. and {Clocchiatti}, A. and {Cook}, K.~H. and {Damke}, G. and {Garg}, A. and {Huber}, M.~E. and {Matheson}, T. and {Minniti}, D. and {Prieto}, J.~L. and {Wood-Vasey}, W.~M.},
	Date-Added = {2012-02-24 19:58:00 +0000},
	Date-Modified = {2012-02-24 19:58:00 +0000},
	Doi = {10.1086/590427},
	Eprint = {0805.4607},
	Journal = {\apjl},
	Keywords = {ISM: Individual: Name: Cassiopeia A, ISM: individual (Tycho), ISM: Supernova Remnants, Stars: Supernovae: General},
	Month = jul,
	Pages = {L81-L84},
	Title = {{Scattered-Light Echoes from the Historical Galactic Supernovae Cassiopeia A and Tycho (SN 1572)}},
	Volume = 681,
	Year = 2008,
	Bdsk-Url-1 = {http://dx.doi.org/10.1086/590427}}

@article{2008Natur.456..617K,
	Adsnote = {Provided by the SAO/NASA Astrophysics Data System},
	Adsurl = {http://adsabs.harvard.edu/abs/2008Natur.456..617K},
	Archiveprefix = {arXiv},
	Author = {{Krause}, O. and {Tanaka}, M. and {Usuda}, T. and {Hattori}, T. and {Goto}, M. and {Birkmann}, S. and {Nomoto}, K.},
	Date-Added = {2012-02-24 19:57:48 +0000},
	Date-Modified = {2012-02-24 19:57:48 +0000},
	Doi = {10.1038/nature07608},
	Journal = {\nat},
	Month = dec,
	Pages = {617-619},
	Title = {{Tycho Brahe's 1572 supernova as a standard typeIa as revealed by its light-echo spectrum}},
	Volume = 456,
	Year = 2008,
	Bdsk-Url-1 = {http://dx.doi.org/10.1038/nature07608}}

@article{2007PASJ...59..811I,
	Adsnote = {Provided by the SAO/NASA Astrophysics Data System},
	Adsurl = {http://adsabs.harvard.edu/abs/2007PASJ...59..811I},
	Author = {{Ihara}, Y. and {Ozaki}, J. and {Doi}, M. and {Shigeyama}, T. and {Kashikawa}, N. and {Komiyama}, K. and {Hattori}, T.},
	Date-Added = {2012-02-24 19:51:06 +0000},
	Date-Modified = {2012-02-24 19:51:06 +0000},
	Journal = {\pasj},
	Month = aug,
	Pages = {811-826},
	Title = {{Searching for a Companion Star of Tycho's Type Ia Supernova with Optical Spectroscopic Observations}},
	Volume = 59,
	Year = 2007}

@article{2008ApJ...677..572V,
	Adsnote = {Provided by the SAO/NASA Astrophysics Data System},
	Adsurl = {http://adsabs.harvard.edu/abs/2008ApJ...677..572V},
	Archiveprefix = {arXiv},
	Author = {{Venn}, K.~A. and {Lambert}, D.~L.},
	Date-Added = {2012-02-24 19:50:41 +0000},
	Date-Modified = {2012-02-24 19:50:41 +0000},
	Doi = {10.1086/529069},
	Eprint = {0801.0752},
	Journal = {\apj},
	Keywords = {Cosmology: Early Universe, Stars: Abundances, Stars: Chemically Peculiar, stars: individual (HE 1327-2326)},
	Month = apr,
	Pages = {572-580},
	Title = {{Could the Ultra-Metal-poor Stars be Chemically Peculiar and Not Related to the First Stars?}},
	Volume = 677,
	Year = 2008,
	Bdsk-Url-1 = {http://dx.doi.org/10.1086/529069}}

@article{2009ApJ...701.1665K,
	Adsnote = {Provided by the SAO/NASA Astrophysics Data System},
	Adsurl = {http://adsabs.harvard.edu/abs/2009ApJ...701.1665K},
	Archiveprefix = {arXiv},
	Author = {{Kerzendorf}, W.~E. and {Schmidt}, B.~P. and {Asplund}, M. and {Nomoto}, K. and {Podsiadlowski}, P. and {Frebel}, A. and {Fesen}, R.~A. and {Yong}, D.},
	Date-Added = {2012-02-24 19:49:56 +0000},
	Date-Modified = {2012-02-24 19:49:56 +0000},
	Doi = {10.1088/0004-637X/701/2/1665},
	Eprint = {0906.0982},
	Journal = {\apj},
	Keywords = {astrometry, binaries: close, supernova remnants, supernovae: general, techniques: spectroscopic},
	Month = aug,
	Pages = {1665-1672},
	Title = {{Subaru High-Resolution Spectroscopy of Star G in the Tycho Supernova Remnant}},
	Volume = 701,
	Year = 2009,
	Bdsk-Url-1 = {http://dx.doi.org/10.1088/0004-637X/701/2/1665}}

@article{Han:2008p726,
	Abstract = {The WD+MS channel of the single-degenerate scenario is currently favourable for progenitors of type Ia supernovae (SNe Ia). Incorporating the results of detailed binary evolution calculations for this channel into the latest version of a binary population synthesis code, I obtained the distributions of many properties of the companion stars at the moment of SN explosion. The properties can be verified by future observations.},
	Author = {Zhanwen Han},
	Date-Added = {2012-02-24 19:49:47 +0000},
	Date-Modified = {2012-02-24 19:49:47 +0000},
	Eprint = {astro-ph/08031986},
	Keywords = {Astrophysics},
	Local-Url = {file://localhost/Users/wkerzend/Documents/Papers/2008/Han/eprint%20arXiv%202008%20Han.pdf},
	Month = {Mar},
	Note = {accepted for publication in ApJL},
	Pmid = {2008arXiv0803.1986H},
	Rating = {0},
	Read = {Yes},
	Title = {Companion Stars of Type Ia Supernovae},
	Uri = {papers://1216BCC4-C484-43A8-ACAD-C0F483D67558/Paper/p726},
	Url = {http://adsabs.harvard.edu/cgi-bin/nph-data_query?bibcode=2008arXiv0803.1986H&link_type=ABSTRACT},
	Year = {2008},
	Bdsk-File-1 = {YnBsaXN0MDDUAQIDBAUGJCVYJHZlcnNpb25YJG9iamVjdHNZJGFyY2hpdmVyVCR0b3ASAAGGoKgHCBMUFRYaIVUkbnVsbNMJCgsMDxJXTlMua2V5c1pOUy5vYmplY3RzViRjbGFzc6INDoACgAOiEBGABIAFgAdccmVsYXRpdmVQYXRoWWFsaWFzRGF0YV8QNS4uLy4uLy4uLy4uL1BhcGVycy8yMDA4L0hhbi9lcHJpbnQgYXJYaXYgMjAwOCBIYW4ucGRm0hcLGBlXTlMuZGF0YU8RAc4AAAAAAc4AAgAACU1hYyBPUyBIRAAAAAAAAAAAAAAAAAAAAAAAAMxdWWhIKwAAADII1xllcHJpbnQgYXJYaXYgMjAwOCBIYW4ucGRmAAAAAAAAAAAAAAAAAAAAAAAAAAAAAAAAAAAAAAAAAAAAAAAAAAAAMgjYAAAAAAAAAAAAAAAAAAQABAAACSAAAAAAAAAAAAAAAAAAAAADSGFuAAAQAAgAAMxdkagAAAARAAgAAAAAAAAAAAABABgAMgjXADIIzQAxrrEABP3CAAT9wQACDeQAAgBSTWFjIE9TIEhEOlVzZXJzOgB3a2VyemVuZDoARG9jdW1lbnRzOgBQYXBlcnM6ADIwMDg6AEhhbjoAZXByaW50IGFyWGl2IDIwMDggSGFuLnBkZgAOADQAGQBlAHAAcgBpAG4AdAAgAGEAcgBYAGkAdgAgADIAMAAwADgAIABIAGEAbgAuAHAAZABmAA8AFAAJAE0AYQBjACAATwBTACAASABEABIAQlVzZXJzL3drZXJ6ZW5kL0RvY3VtZW50cy9QYXBlcnMvMjAwOC9IYW4vZXByaW50IGFyWGl2IDIwMDggSGFuLnBkZgATAAEvAAAVAAIAD///AACABtIbHB0eWiRjbGFzc25hbWVYJGNsYXNzZXNdTlNNdXRhYmxlRGF0YaMdHyBWTlNEYXRhWE5TT2JqZWN00hscIiNcTlNEaWN0aW9uYXJ5oiIgXxAPTlNLZXllZEFyY2hpdmVy0SYnVHJvb3SAAQAIABEAGgAjAC0AMgA3AEAARgBNAFUAYABnAGoAbABuAHEAcwB1AHcAhACOAMYAywDTAqUCpwKsArcCwALOAtIC2QLiAucC9AL3AwkDDAMRAAAAAAAAAgEAAAAAAAAAKAAAAAAAAAAAAAAAAAAAAxM=},
	Bdsk-Url-1 = {http://adsabs.harvard.edu/cgi-bin/nph-data_query?bibcode=2008arXiv0803.1986H&link_type=ABSTRACT}}

@article{2003astro.ph..3660P,
	Adsnote = {Provided by the Smithsonian/NASA Astrophysics Data System},
	Adsurl = {http://adsabs.harvard.edu/abs/2003astro.ph..3660P},
	Author = {{Podsiadlowski}, P.},
	Date-Added = {2012-02-24 19:49:35 +0000},
	Date-Modified = {2012-02-24 19:49:35 +0000},
	Eprint = {astro-ph/0303660},
	Month = mar,
	Title = {{On the Evolution and Appearance of a Surviving Companion after a Type Ia Supernova Explosion}},
	Year = 2003}

@article{2004MNRAS.350.1301H,
	Adsnote = {Provided by the SAO/NASA Astrophysics Data System},
	Adsurl = {http://adsabs.harvard.edu/abs/2004MNRAS.350.1301H},
	Author = {{Han}, Z. and {Podsiadlowski}, P.},
	Date-Added = {2012-02-24 19:49:28 +0000},
	Date-Modified = {2012-02-24 19:49:28 +0000},
	Doi = {10.1111/j.1365-2966.2004.07713.x},
	Eprint = {arXiv:astro-ph/0309618},
	Journal = {\mnras},
	Keywords = {binaries: close, stars: evolution, supernovae: general, white dwarfs},
	Month = jun,
	Pages = {1301-1309},
	Title = {{The single-degenerate channel for the progenitors of Type Ia supernovae}},
	Volume = 350,
	Year = 2004,
	Bdsk-Url-1 = {http://dx.doi.org/10.1111/j.1365-2966.2004.07713.x}}

@article{2001ApJ...550L..53C,
	Adsnote = {Provided by the Smithsonian/NASA Astrophysics Data System},
	Adsurl = {http://adsabs.harvard.edu/cgi-bin/nph-bib_query?bibcode=2001ApJ...550L..53C&db_key=AST},
	Author = {{Canal}, R. and {M{\'e}ndez}, J. and {Ruiz-Lapuente}, P.},
	Date-Added = {2012-02-24 19:49:10 +0000},
	Date-Modified = {2012-02-24 19:49:10 +0000},
	Doi = {10.1086/319479},
	Journal = {\apjl},
	Month = mar,
	Pages = {L53-L56},
	Title = {{Identification of the Companion Stars of Type Ia supernovae}},
	Volume = {550},
	Year = {2001},
	Bdsk-Url-1 = {http://dx.doi.org/10.1086/319479}}

@article{2012Natur.481..164S,
	Adsnote = {Provided by the SAO/NASA Astrophysics Data System},
	Adsurl = {http://adsabs.harvard.edu/abs/2012Natur.481..164S},
	Author = {{Schaefer}, B.~E. and {Pagnotta}, A.},
	Date-Added = {2012-02-24 19:48:51 +0000},
	Date-Modified = {2012-02-24 19:48:51 +0000},
	Doi = {10.1038/nature10692},
	Journal = {\nat},
	Month = jan,
	Pages = {164-166},
	Title = {{An absence of ex-companion stars in the type Ia supernova remnant SNR 0509-67.5}},
	Volume = 481,
	Year = 2012,
	Bdsk-Url-1 = {http://dx.doi.org/10.1038/nature10692}}

@article{2000ApJS..128..615M,
	Adsnote = {Provided by the Smithsonian/NASA Astrophysics Data System},
	Adsurl = {http://adsabs.harvard.edu/cgi-bin/nph-bib_query?bibcode=2000ApJS..128..615M&db_key=AST},
	Author = {{Marietta}, E. and {Burrows}, A. and {Fryxell}, B.},
	Date-Added = {2012-02-24 19:48:13 +0000},
	Date-Modified = {2012-02-24 19:48:13 +0000},
	Doi = {10.1086/313392},
	Journal = {\apjs},
	Month = jun,
	Pages = {615-650},
	Title = {{Type IA Supernova Explosions in Binary Systems: The Impact on the Secondary Star and Its Consequences}},
	Volume = {128},
	Year = {2000},
	Bdsk-Url-1 = {http://dx.doi.org/10.1086/313392}}

@article{2005ApJ...624..189W,
	Adsnote = {Provided by the SAO/NASA Astrophysics Data System},
	Adsurl = {http://adsabs.harvard.edu/abs/2005ApJ...624..189W},
	Author = {{Winkler}, P.~F. and {Long}, K.~S. and {Hamilton}, A.~J.~S. and {Fesen}, R.~A.},
	Date-Added = {2012-02-24 19:47:59 +0000},
	Date-Modified = {2012-02-24 19:47:59 +0000},
	Doi = {10.1086/429155},
	Eprint = {arXiv:astro-ph/0602555},
	Journal = {\apj},
	Keywords = {ISM: Individual: Alphanumeric: SN 1006, ISM: Individual: Alphanumeric: G327.6+14.6, Shock Waves, ISM: Supernova Remnants, Stars: Supernovae: Individual: Alphanumeric: SN 1006},
	Month = may,
	Pages = {189-197},
	Title = {{Probing Multiple Sight Lines through the SN 1006 Remnant by Ultraviolet Absorption Spectroscopy}},
	Volume = 624,
	Year = 2005,
	Bdsk-Url-1 = {http://dx.doi.org/10.1086/429155}}

@article{1988ApJ...327..164F,
	Adsnote = {Provided by the SAO/NASA Astrophysics Data System},
	Adsurl = {http://adsabs.harvard.edu/abs/1988ApJ...327..164F},
	Author = {{Fesen}, R.~A. and {Wu}, C.-C. and {Leventhal}, M. and {Hamilton}, A.~J.~S.},
	Date-Added = {2012-02-24 19:47:42 +0000},
	Date-Modified = {2012-02-24 19:47:42 +0000},
	Doi = {10.1086/166179},
	Journal = {\apj},
	Keywords = {ABUNDANCE, STELLAR CORONAS, STELLAR SPECTRA, SUPERNOVA REMNANTS, ULTRAVIOLET SPECTRA, WHITE DWARF STARS, IRON, IUE, OXYGEN, RADIAL VELOCITY, RED SHIFT, SILICON, SULFUR},
	Month = apr,
	Pages = {164-177},
	Title = {{High-velocity ultraviolet iron, silicon, oxygen, and sulfur absorption features associated with the remnant of SN 1006}},
	Volume = 327,
	Year = 1988,
	Bdsk-Url-1 = {http://dx.doi.org/10.1086/166179}}

@article{1993ApJ...416..247W,
	Adsnote = {Provided by the SAO/NASA Astrophysics Data System},
	Adsurl = {http://adsabs.harvard.edu/abs/1993ApJ...416..247W},
	Author = {{Wu}, C.-C. and {Crenshaw}, D.~M. and {Fesen}, R.~A. and {Hamilton}, A.~J.~S. and {Sarazin}, C.~L.},
	Date-Added = {2012-02-24 19:46:32 +0000},
	Date-Modified = {2012-02-24 19:46:32 +0000},
	Doi = {10.1086/173230},
	Journal = {\apj},
	Keywords = {ISM: ABUNDANCES, ISM: SUPERNOVA REMNANTS, ISM: INDIVIDUAL ALPHANUMERIC: SN 1006},
	Month = oct,
	Pages = {247-+},
	Title = {{Faint Object Spectrograph Spectra of the Broad Fe II Absorption Lines in the Remnant of SN 1006}},
	Volume = 416,
	Year = 1993,
	Bdsk-Url-1 = {http://dx.doi.org/10.1086/173230}}

@article{2008ApJ...672..974G,
	Adsnote = {Provided by the SAO/NASA Astrophysics Data System},
	Adsurl = {http://adsabs.harvard.edu/abs/2008ApJ...672..974G},
	Archiveprefix = {arXiv},
	Author = {{G{\'a}sp{\'a}r}, A. and {Su}, K.~Y.~L. and {Rieke}, G.~H. and {Balog}, Z. and {Kamp}, I. and {Mart{\'{\i}}nez-Galarza}, J.~R. and {Stapelfeldt}, K.},
	Date-Added = {2012-02-24 19:46:08 +0000},
	Date-Modified = {2012-02-24 19:46:08 +0000},
	Doi = {10.1086/523299},
	Eprint = {0709.4247},
	Journal = {\apj},
	Keywords = {Infrared: ISM, ISM: Kinematics and Dynamics, Radiation Mechanisms: Thermal, Stars: Evolution, Stars: Imaging, stars: individual (HD 74956), stars: individual ({$\delta$} Velorum), Shock Waves},
	Month = jan,
	Pages = {974-983},
	Title = {{Modeling the Infrared Bow Shock at {$\delta$} Velorum: Implications for Studies of Debris Disks and {$\lambda$} Bo{\"o}tis Stars}},
	Volume = 672,
	Year = 2008,
	Bdsk-Url-1 = {http://dx.doi.org/10.1086/523299}}

@article{2010ApJ...724..341H,
	Adsnote = {Provided by the SAO/NASA Astrophysics Data System},
	Adsurl = {http://adsabs.harvard.edu/abs/2010ApJ...724..341H},
	Archiveprefix = {arXiv},
	Author = {{Heger}, A. and {Woosley}, S.~E.},
	Date-Added = {2012-02-24 19:45:06 +0000},
	Date-Modified = {2012-02-24 19:45:06 +0000},
	Doi = {10.1088/0004-637X/724/1/341},
	Eprint = {0803.3161},
	Journal = {\apj},
	Keywords = {early universe, Galaxy: abundances, nuclear reactions, nucleosynthesis, abundances, stars: abundances, stars: evolution, supernovae: general},
	Month = nov,
	Pages = {341-373},
	Title = {{Nucleosynthesis and Evolution of Massive Metal-free Stars}},
	Volume = 724,
	Year = 2010,
	Bdsk-Url-1 = {http://dx.doi.org/10.1088/0004-637X/724/1/341}}

@article{2004ApJ...612..357R,
	Adsnote = {Provided by the Smithsonian/NASA Astrophysics Data System},
	Adsurl = {http://adsabs.harvard.edu/cgi-bin/nph-bib_query?bibcode=2004ApJ...612..357R&db_key=AST},
	Author = {{Ruiz-Lapuente}, P.},
	Date-Added = {2012-02-24 19:44:26 +0000},
	Date-Modified = {2012-02-24 19:44:26 +0000},
	Doi = {10.1086/422419},
	Journal = {\apj},
	Month = sep,
	Pages = {357-363},
	Title = {{Tycho Brahe's Supernova: Light from Centuries Past}},
	Volume = {612},
	Year = {2004},
	Bdsk-Url-1 = {http://dx.doi.org/10.1086/422419}}
